@book{Body2000,
author={N.E. Body},
title={Introductory Widgets},
publisher={Widgets International},
year={2000}
}
